@inproceedings{Boneh2015CourseIA,
  title={Course in Applied Cryptography},
  author={Dan Boneh and Victor Shoup},
  year={2020}
}